<?xml version="1.0" encoding="UTF-8"?><collection xmlns="http://www.loc.gov/MARC21/slim"><record><leader>00455nam--2200145-i-4500</leader><controlfield tag="001">000003738</controlfield><controlfield tag="002">20161230</controlfield><controlfield tag="005">20170225193247</controlfield><controlfield tag="008">060222s1000------------r-----000-0-eng-d</controlfield><datafield ind1=" " ind2=" " tag="100"><subfield code="a">Borisoglebschi, P. V</subfield></datafield><datafield ind1=" " ind2=" " tag="245"><subfield code="a">Bazale fizice si metodele pentru incercarea pr eventiva a izolatiei industriale. Traducere di n limba rusa</subfield></datafield><datafield ind1=" " ind2=" " tag="260"><subfield code="a">Bucuresti</subfield><subfield code="b">Editura Energetica De Stat</subfield><subfield code="c">1953</subfield></datafield><datafield ind1=" " ind2=" " tag="300"><subfield code="a">223 p</subfield></datafield><datafield ind1=" " ind2=" " tag="852"><subfield code="a">621.315.6</subfield></datafield><datafield ind1=" " ind2=" " tag="CAT"><subfield code="a">SYS</subfield><subfield code="c">20170225</subfield><subfield code="h">193247</subfield></datafield></record></collection>